<?xml version="1.0" encoding="UTF-8"?>
<collection xmlns:xsi="http://www.w3.org/2001/XMLSchema-instance" xsi:schemaLocation="http://www.loc.gov/MARC21/slim http://www.loc.gov/standards/marcxml/schema/MARC21slim.xsd" xmlns="http://www.loc.gov/MARC21/slim">
<record>
  <leader>01377mam a2200241ua 4500</leader>
  <controlfield tag="001">3368901</controlfield>
  <controlfield tag="003">NNC</controlfield>
  <controlfield tag="005">20121018210851.0</controlfield>
  <controlfield tag="008">960729m19351936ua            000 0 ara d</controlfield>
  <datafield tag="035" ind1=" " ind2=" ">
    <subfield code="a">(OCoLC)ocm40985719</subfield>
  </datafield>
  <datafield tag="035" ind1=" " ind2=" ">
    <subfield code="9">AVD3583CU</subfield>
  </datafield>
  <datafield tag="035" ind1=" " ind2=" ">
    <subfield code="a">(NNC)3368901</subfield>
  </datafield>
  <datafield tag="040" ind1=" " ind2=" ">
    <subfield code="a">HLS</subfield>
    <subfield code="c">HLS</subfield>
    <subfield code="d">OCL</subfield>
    <subfield code="d">OCLCQ</subfield>
  </datafield>
  <datafield tag="100" ind1="1" ind2=" ">
    <subfield code="a">Bakrī, Abū ʻUbayd ʻAbd Allāh ibn ʻAbd al-ʻAzīz,</subfield>
    <subfield code="d">1040-1094.</subfield>
  </datafield>
  <datafield tag="240" ind1="1" ind2="0">
    <subfield code="a">Laʼālī fī sharḥ Amālī al-Qālī</subfield>
  </datafield>
  <datafield tag="245" ind1="1" ind2="0">
    <subfield code="a">Simṭ al-Laʾālī :</subfield>
    <subfield code="b">wa-yaḥtawī ʻalá al-niṣf al-awwal min al- Laʾālī fī sharḥ Amālī al-Qālī /</subfield>
    <subfield code="c">li-Abī ʻUbayd al-Bakrī al-Awbanī ʻan nuskhatayn makhṭūṭatayn ; nasakhahu wa-ṣaḥḥaḥahu wa-naqqaḥahu wa- ḥaqqaqa mā-fīhi wa-istakhrajahu min buṭūni dawāwīn al-ʻilm ʻAbd al-ʻAzīz al-Maymanī ; mudhayyilan bi-Dhayl al-Laʾālī sharḥ dhayl Amālī al-Qālī wa-ifādāt ʻalá ṭabʻat al-dār min al-Amālī wa-fahāris mustawfāt wa-muṣaddaran bi-tarjamat al-Bakrī.</subfield>
  </datafield>
  <datafield tag="260" ind1=" " ind2=" ">
    <subfield code="a">[Cairo] :</subfield>
    <subfield code="b">Lajnat al-Taʾlīf wa-al-Tarjamah wa-al-Nashr,</subfield>
    <subfield code="c">1935-1936.</subfield>
  </datafield>
  <datafield tag="300" ind1=" " ind2=" ">
    <subfield code="a">3 v. in 2.</subfield>
  </datafield>
  <datafield tag="500" ind1=" " ind2=" ">
    <subfield code="a">Vol. 3 dated: 1935.</subfield>
  </datafield>
  <datafield tag="600" ind1="1" ind2="0">
    <subfield code="a">Qālī, Abū ʻAlī Ismāʻīl ibn al-Qāsim,</subfield>
    <subfield code="d">901?-967?</subfield>
    <subfield code="t">Amālī.</subfield>
  </datafield>
  <datafield tag="700" ind1="1" ind2=" ">
    <subfield code="a">Rājkūtī, ʻAbd al-ʻAzīz al-Maymanī.</subfield>
    <subfield code="t">Dhayl al-Laʼālī.</subfield>
  </datafield>
  <datafield tag="752" ind1=" " ind2=" ">
    <subfield code="a">Egypt</subfield>
    <subfield code="d">Cairo.</subfield>
  </datafield>
  <datafield tag="955" ind1=" " ind2=" ">
    <subfield code="b">0315334708</subfield>
    <subfield code="d">glx</subfield>
    <subfield code="e">893.78 K1243</subfield>
    <subfield code="v">v.2-3</subfield>
  </datafield>
</record>
</collection>